<?xml version="1.0" encoding="UTF-8"?><collection xmlns="http://www.loc.gov/MARC21/slim"><record><leader>00553nam--2200181-i-4500</leader><controlfield tag="001">000002905</controlfield><controlfield tag="002">20161230</controlfield><controlfield tag="005">20161230201025</controlfield><controlfield tag="008">060222s1000------------r-----000-0-eng-d</controlfield><datafield ind1=" " ind2=" " tag="040"><subfield code="a">IFIN-HH</subfield></datafield><datafield ind1=" " ind2=" " tag="080"><subfield code="a">537.226</subfield></datafield><datafield ind1="1" ind2=" " tag="100"><subfield code="a">Philofsky, H.M</subfield></datafield><datafield ind1="1" ind2="0" tag="245"><subfield code="a">Digest of the literature on dielectrics</subfield><subfield code="b">Volume xviii-1954</subfield><subfield code="c">H.m. philofsky; r.w. crowe (eds.)</subfield></datafield><datafield ind1=" " ind2=" " tag="260"><subfield code="a">Washington</subfield><subfield code="b">National Academy Of Sciences</subfield><subfield code="c">1955</subfield></datafield><datafield ind1=" " ind2=" " tag="490"><subfield code="a">Conference On Electrical Insulation</subfield></datafield><datafield ind1=" " ind2=" " tag="700"><subfield code="a">Crowe, R.W</subfield><subfield code="c">Ed</subfield></datafield><datafield ind1=" " ind2=" " tag="852"><subfield code="a">11128</subfield><subfield code="c">537.226</subfield></datafield><datafield ind1=" " ind2=" " tag="CAT"><subfield code="a">Sys</subfield><subfield code="c">20110705</subfield><subfield code="h">140930</subfield></datafield></record></collection>